@article{belenky_patterns_2003,
  title = {{Patterns of Performance Degradation and Restoration during Sleep Restriction and Subsequent Recovery: A Sleep Dose-Response Study}},
  author = {Belenky, Gregory and Wesensten, Nancy J. and Thorne, David R. and Thomas, Maria L. and Sing, Helen C. and Redmond, Daniel P. and Russo, Michael B. and Balkin, Thomas J.},
  date = {2003},
  journaltitle = {Journal of Sleep Research},
  volume = {12},
  number = {1},
  pages = {1--12}
},

@book{burnham_model_2002,
	title = {{Model Selection and Multimodel Inference: A Practical Information-Theoretic Approach}},
	author = {Burnham, Kenneth P. and Anderson, David R.},
	year = {2002},
	edition = {2nd},
	publisher = {Springer},
	address = {New York}
},

@book{gelman_data_2007,
  	title = {{Data Analysis Using Regression and Multilevel/Hierarchical Models}},
  	author = {Gelman, Andrew and Hill, Jennifer},
  	year = {2007},
  	publisher = {Cambridge University Press},
  	address = {Cambridge}
},

@article{ghitza_deep_2013,
	title = {{Deep Interactions with MRP: Election Turnout and Voting Patterns Among Small Electoral Subgroups}},
	volume = {57},
	number = {3},
	journal = {American Journal of Political Science},
	author = {Ghitza, Yair and Gelman, Andrew},
	year = {2013},
	pages = {762--776},
},

@book{goldstein_multilevel_2011,
  	title = {{Multilevel Statistical Models}},
  	author = {Goldstein, Harvey},
  	year = {2011},
  	publisher = {Wiley},
  	address = {New York}
},

@incollection{hamaker_model_2011,
	title = {{Model Selection Based on Information Criteria in Multilevel Modeling}},
	booktitle = {{Handbook of Advanced Multilevel Analysis}},
	author = {Hamaker, Ellen L. and {van Hattum}, Pascal and Kuiper, Rebecca M. and Hoijtink, Herbert},
	editor = {Hox, Joop J. and Roberts, J. Kyle},
	year = {2011},
	pages = {231--255},
	publisher = {Routledge},
	address = {New York}
},

@book{hox_multilevel_2010,
  title = {{Multilevel Analysis: Techniques and Applications}},
  author = {Hox, Joop J.},
  year = {2010},
  publisher = {Routledge},
  location = {London}
},

@phdthesis{loy_diagnostics_2013,
  title = {{Diagnostics for Mixed/Hierarchical Linear Models}},
  author = {Loy, Adam Madison Montgomery},
  year = {2013},
  address = {Ames, {IA}},
  school = {Iowa State University}
},

@book{luke_multilevel_2004,
  title = {{Multilevel Modeling}},
  author = {Luke, Douglas A.},
  year = {2004},
  series = {{Quantitative Applications in the Social Sciences}},
  publisher = {Sage Publications},
  address = {Thousand Oaks, {CA}}
},

@book{pinheiro_mixed_2000,
	title = {{Mixed-Effects Models in S and S-PLUS}},
	author = {Pinheiro, Jos{\'e} C. and Bates, Douglas M.},
	year = {2000},
	publisher = {Springer},
	address = {New York}
},

@book{raudenbush_hierarchical_2002,
  	title = {{Hierarchical Linear Models: Applications and Data Analysis Methods}},
  	author = {Raudenbush, Stephen W. and Bryk, Anthony S.},
  	year = {2002},
  	series = {{Advanced Quantitative Techniques in the Social Sciences}},
  	publisher = {Sage Publications},
  	address = {Thousand Oaks, {CA}}
},

@incollection{ripley_selecting_2004,
	title = {{Selecting Among Large Classes of Models}},
	booktitle = {{Methods and Models in Statistics: In Honour of Professor John Nelder, FRS}},
	author = {Ripley, Brian D.},
	editor = {Adams, Niall and Crowder, Martin and Hand, David J. and Stephens, David},
	year = {2004},
	pages = {155--170},
	publisher = {Imperial College Press},
	address = {London}
},

@book{singer_applied_2003,
	title = {{Applied Longitudinal Data Analysis: Modeling Change and Event Occurrence}},
	author = {Singer, Judith D. and Willett, John B.},
	year = {2003},
	publisher = {Oxford University Press},
	address = {New York}
},

@book{snijders_multilevel_1999,
	title = {{Multilevel Analysis: An Introduction to Basic and Advanced Multilevel Modeling}},
	author = {Snijders, Tom A. B. and Bosker, Roel J.},
	year = {1999},
	edition = {1st},
	publisher = {Sage},
	address = {London}
},

@article{steenbergen_modeling_2002,
  	title = {{Modeling Multilevel Data Structures}},
  	author = {Steenbergen, Marco R. and Jones, Bradford S.},
  	year = {2002},
  	journal = {American Journal of Political Science},
  	volume = {46},
  	number = {1},
  	pages = {218--237}
}